@article{geloni2005paraxial,
  title={Paraxial Green's functions in synchrotron radiation theory},
  author={Geloni, Gianluca and Saldin, Evgeni and Schneidmiller, Evgeni and Yurkov, Mikhail},
  journal={arXiv preprint physics/0502120},
  year={2005}
}

@article{geloni2007fourier,
  title={Fourier treatment of near-field synchrotron radiation theory},
  author={Geloni, Gianluca and Saldin, Evgeni and Schneidmiller, Evgeni and Yurkov, Mikhail},
  journal={Optics communications},
  volume={276},
  number={1},
  pages={167--179},
  year={2007},
  publisher={Elsevier}
}

@article{geloni2015brightness,
  title={Brightness of synchrotron radiation from undulators and bending magnets},
  author={Geloni, Gianluca and Kocharyan, Vitali and Saldin, Evgeni},
  journal={Journal of synchrotron radiation},
  volume={22},
  number={2},
  pages={288--316},
  year={2015},
  publisher={International Union of Crystallography}
}

@article{geloni2006fourier,
  title={Fourier optics treatment of classical relativistic electrodynamics},
  author={Geloni, Gianluca and Saldin, Evgeni and Schneidmiller, Evgeni and Yurkov, Mikhail},
  journal={arXiv preprint physics/0608145},
  year={2006}
}

@article{serkez2013grating,
  title={Grating monochromator for soft X-ray self-seeding the European XFEL},
  author={Serkez, Svitozar and Geloni, Gianluca and Kocharyan, Vitali and Saldin, Evgeni},
  journal={arXiv preprint arXiv:1303.1392},
  year={2013}
}

@article{serkez2015design,
  title={Design and Optimization of the Grating Monochromator for Soft X-Ray Self-Seeding FELs},
  author={Serkez, Svitozar},
  year={2015}
}

@article{chubar1998proceedings,
  title={Proceedings of the 6th European Particle Accelerator Conference, Stockholm, 1998},
  author={Chubar, O and Elleaume, P},
  year={1998},
  publisher={IOP}
}

@book{goodman2015statistical,
  title={Statistical optics},
  author={Goodman, Joseph W},
  year={2015},
  publisher={John Wiley \& Sons}
}

@book{goodman2005introduction,
  title={Introduction to Fourier optics},
  author={Goodman, Joseph W},
  year={2005},
  publisher={Roberts and Company Publishers}
}

@misc{my_github,
  author = {Andrei Trebushinin},
  title = {SKIF beamlines. SRW code extension},
  url = {https://github.com/TrebAndrew/thesis_ andrei/tree/dev},
  year = {2019}
}

@book{als2011elements,
  title={Elements of modern X-ray physics},
  author={Als-Nielsen, Jens and McMorrow, Des},
  year={2011},
  publisher={John Wiley \& Sons}
}

@book{authier2006dynamical,
  title={Dynamical theory of X-ray diffraction},
  author={Authier, Andr{\'e}},
  journal={International Tables for Crystallography},
  pages={626--646},
  year={2006},
  publisher={Wiley Online Library}
}
@book{wiedemann2015particle,
  title={Particle accelerator physics},
  author={Wiedemann, Helmut},
  year={2015},
  publisher={Springer}
}

@article{bragin2018short,
  title={Short-Period Superconducting Undulator Coils With Neutral Poles: Test Results},
  author={Bragin, Alexey and Khruschev, Sergey and Lev, Vladimir and Mezentsev, Nikolay and Shkaruba, Vitaliy and Syrovatin, Vasily and Tarasenko, Olga and Tsukanov, Valeriy and Volkov, Askold and Zorin, Artem},
  journal={IEEE Transactions on Applied Superconductivity},
  volume={28},
  number={4},
  pages={1--4},
  year={2018},
  publisher={IEEE}
}

@article{gluskin2019superconducting,
  title={Superconducting Wigglers and Undulators},
  author={Gluskin, Efim and Mezentsev, Nikolai},
  journal={Synchrotron Light Sources and Free-Electron Lasers: Accelerator Physics, Instrumentation and Science Applications},
  pages={1--51},
  year={2019},
  publisher={Springer}
}

@techreport{balewski2004petra,
  title={PETRA III: A low emittance synchrotron radiation source. Technical design report},
  author={Balewski, Klaus and Rohlsberger, R and Franz, H and Weckert, E and Decking, W and Brefeld, W},
  year={2004}
}

@misc{max2010max,
  title={MAX IV Detailed Design Report},
  author={MAX, IV},
  year={2010}
  url = {https://www.maxiv.lu.se/publications/},
}

@article{NSLS,
title = {NSLS-II Preliminary Design Report},
author = {Dierker, S.},
doi = {10.2172/1010602},
year = {2007},
month = {11}
} 

@article{DIAMOND,
  title={Report of the Design Specification},
  author={Source, DIAMOND Synchrotron Light},
  journal={CCLRC, June},
  year={2002}
}

@book{willmott2019introduction,
  title={An introduction to synchrotron radiation: techniques and applications},
  author={Willmott, Philip},
  year={2019},
  publisher={Wiley}
}

@article{zorin2019radiation,
  title={Radiation-Generating Devices for Domestic Sources of Synchrotron Radiation with Extremely Low Emittance},
  author={Zorin, AV and Mezentsev, NA and Zolotarev, KV and Shkaruba, VA},
  journal={Bulletin of the Russian Academy of Sciences: Physics},
  volume={83},
  number={2},
  pages={121--123},
  year={2019},
  publisher={Springer}
}

@inproceedings{chubar1998accurate,
  title={Accurate and efficient computation of synchrotron radiation in the near field region},
  author={Chubar, Oleg and Elleaume, P},
  booktitle={proc. of the EPAC98 Conference},
  pages={1177--1179},
  year={1998}
}

@inproceedings{chubar2002physical,
  title={Physical optics computer code optimized for synchrotron radiation},
  author={Chubar, Oleg and Elleaume, Pascal and Kuznetsov, Serguei and Snigirev, Anatoly A},
  booktitle={Optical Design and Analysis Software II},
  volume={4769},
  pages={145--152},
  year={2002},
  organization={International Society for Optics and Photonics}
}

@inproceedings{chubar2001wavefront,
  title={Wavefront calculations},
  author={Chubar, Oleg},
  booktitle={X-Ray FEL Optics and Instrumentation},
  volume={4143},
  pages={48--60},
  year={2001},
  organization={International Society for Optics and Photonics}
}

@inproceedings{del2014proposal,
  title={A proposal for an open source graphical environment for simulating x-ray optics},
  author={del Rio, Manuel Sanchez and Rebuffi, Luca and Demsar, Janez and Canestrari, Niccolo and Chubar, Oleg},
  booktitle={Advances in Computational Methods for X-Ray Optics III},
  volume={9209},
  pages={92090X},
  year={2014},
  organization={International Society for Optics and Photonics}
}

@article{canestrari2014partially,
  title={Partially coherent X-ray wavefront propagation simulations including grazing-incidence focusing optics},
  author={Canestrari, Niccolo and Chubar, Oleg and Reininger, Ruben},
  journal={Journal of synchrotron radiation},
  volume={21},
  number={5},
  pages={1110--1121},
  year={2014},
  publisher={International Union of Crystallography}
}

@inproceedings{sutter2014perfect,
  title={Perfect crystal propagator for physical optics simulations with Synchrotron Radiation Workshop},
  author={Sutter, John P and Chubar, Oleg and Suvorov, Alexey},
  booktitle={Advances in Computational Methods for X-Ray Optics III},
  volume={9209},
  pages={92090L},
  year={2014},
  organization={International Society for Optics and Photonics}
}

@inproceedings{suvorov2014partially,
  title={Partially coherent wavefront propagation simulations for inelastic x-ray scattering beamline including crystal optics},
  author={Suvorov, Alexey and Cai, Yong Q and Sutter, John P and Chubar, Oleg},
  booktitle={Advances in Computational Methods for X-Ray Optics III},
  volume={9209},
  pages={92090H},
  year={2014},
  organization={International Society for Optics and Photonics}
}

@inproceedings{idir2017alignment,
  title={Alignment of KB mirrors with at-wavelength metrology tool simulated using SRW},
  author={Idir, Mourad and Rakitin, Maksim and Gao, Bo and Xue, Junpeng and Huang, Lei and Chubar, Oleg},
  booktitle={Advances in Computational Methods for X-Ray Optics IV},
  volume={10388},
  pages={103880Z},
  year={2017},
  organization={International Society for Optics and Photonics}
}

@misc{SRW,
  title = {Synchrotron Radiation Workshop },
  howpublished = {\url{https://github.com/ochubar/SRW}},
  author={Chubar, Oleg}
}

@misc{SPECTRA,
  title = {SPECTRA: a synchrotron radiation calculation code},
  howpublished = {\url{http://spectrax.org/spectra/}},
}

@misc{XRayTracer,
  title = {XRayTracer},
  howpublished = {\url{https://xrt.readthedocs.io/}},
  author={Konstantin Klementiev (MAX IV Laboratory), Roman Chernikov (Canadian Light Source)}
}







